<?xml version="1.0" encoding="UTF-8"?><collection xmlns="http://www.loc.gov/MARC21/slim"><record><leader>00439nam--2200121-i-4500</leader><controlfield tag="001">000029868</controlfield><controlfield tag="002">20161230</controlfield><controlfield tag="005">20161230201037</controlfield><controlfield tag="008">060222s1000------------r-----000-0-eng-d</controlfield><datafield ind1=" " ind2=" " tag="245"><subfield code="a">Lectures on nuclear interactions.delivred at the 7th summer meeting of nuclear physicist, august 1962, herceg-novi, yugoslavia</subfield></datafield><datafield ind1=" " ind2=" " tag="260"><subfield code="a">Belgrade, The Federal Nuclear Energy Commision Of Yugoslavia, 1962. 388p</subfield></datafield><datafield ind1=" " ind2=" " tag="700"><subfield code="a">Lalovic,  Branislav</subfield></datafield><datafield ind1=" " ind2=" " tag="852"><subfield code="a">21178</subfield></datafield></record></collection>